@inproceedings{vaswani2017attention,
  title={Attention Is All You Need},
  author={Vaswani, Ashish and Shazeer, Noam and Parmar, Niki and Uszkoreit, Jakob and Jones, Llion and Gomez, Aidan N and Kaiser, {
  }Lukasz and Polosukhin, Illia},
  booktitle={Advances in Neural Information Processing Systems},
  year={2017}
}

@article{example2023,
  title={Example Paper Title},
  author={Example, A. and Another, A.},
  journal={Journal of Examples},
  volume={1},
  number={1},
  pages={1--10},
  year={2023},
  publisher={Example Publisher}
}


